<?xml version="1.0" encoding="UTF-8"?>
<record xmlns="http://www.loc.gov/MARC21/slim" xmlns:xsi="http://www.w3.org/2001/XMLSchema-instance" xsi:schemaLocation="http://www.loc.gov/MARC21/slim http://www.loc.gov/standards/marcxml/schema/MARC21slim.xsd">
<leader>     cam a2200313 a 4500</leader>
<controlfield tag="001">002921397</controlfield>
<controlfield tag="003">NNU</controlfield>
<controlfield tag="005">19940713181853.0</controlfield>
<controlfield tag="008">880630m19691970ir h          000 0 ara d</controlfield>
<datafield tag="035" ind1="9" ind2=" ">
<subfield code="a">NYUb10644204</subfield>
</datafield>
<datafield tag="035" ind1=" " ind2=" ">
<subfield code="a">(CStRLIN)NYUG88-B22553</subfield>
</datafield>
<datafield tag="035" ind1=" " ind2=" ">
<subfield code="a">GLIS00644204X</subfield>
</datafield>
<datafield tag="040" ind1=" " ind2=" ">
<subfield code="a">MiU</subfield>
<subfield code="c">MiU</subfield>
<subfield code="d">NNU</subfield>
</datafield>
<datafield tag="041" ind1="0" ind2=" ">
<subfield code="a">araper</subfield>
</datafield>
<datafield tag="090" ind1=" " ind2=" ">
<subfield code="i">07/19/88 CT</subfield>
</datafield>
<datafield tag="100" ind1="1" ind2=" ">
<subfield code="a">Mudarris, Muḥammad ʻAlī,</subfield>
<subfield code="d">1879 or 80-1954 or 5.</subfield>
</datafield>
<datafield tag="245" ind1="1" ind2="0">
<subfield code="a">Mukarrarāt al-Mudarris :</subfield>
<subfield code="b">sharḥ al-Suyūṭī /</subfield>
<subfield code="c">li-Muḥammad ʻAlī al-Mudarris al-Afghānī.</subfield>
</datafield>
<datafield tag="250" ind1=" " ind2=" ">
<subfield code="a">al-Ṭabʻah 2. wa-fīhā ziyādāt muhimmah.</subfield>
</datafield>
<datafield tag="260" ind1=" " ind2=" ">
<subfield code="a">Qum :</subfield>
<subfield code="b">Intishārāt ʻAllāmah,</subfield>
<subfield code="c">1969-1970.</subfield>
</datafield>
<datafield tag="300" ind1=" " ind2=" ">
<subfield code="a">4 v. in 2 :</subfield>
<subfield code="b">facsims. ;</subfield>
<subfield code="c">25 cm.</subfield>
</datafield>
<datafield tag="500" ind1=" " ind2=" ">
<subfield code="a">Arabic and Persian.</subfield>
</datafield>
<datafield tag="500" ind1=" " ind2=" ">
<subfield code="a">Commentary on al-Bahjah al-marḍīyah, a book on Arabic grammar, by al-Suyūṭī with reference to his commentary on al-Alfīyah, by Muḥammad ibn ʻAbd Allāh ibn Mālik.</subfield>
</datafield>
<datafield tag="500" ind1=" " ind2=" ">
<subfield code="a">Vol. 3/4: al-Ṭabʻah 4.</subfield>
</datafield>
<datafield tag="650" ind1=" " ind2="0">
<subfield code="a">Arabic language</subfield>
<subfield code="x">Grammar.</subfield>
</datafield>
<datafield tag="700" ind1="1" ind2=" ">
<subfield code="a">Ibn Mālik, Muḥammad ibn ʻAbd Allāh,</subfield>
<subfield code="d">d. 1274.</subfield>
<subfield code="t">Alfīyah.</subfield>
</datafield>
<datafield tag="700" ind1="0" ind2=" ">
<subfield code="a">Suyūṭī,</subfield>
<subfield code="d">1445-1505.</subfield>
<subfield code="t">Bahjah al-marḍīyah.</subfield>
</datafield>
<datafield tag="OWN" ind1=" " ind2=" ">
<subfield code="a">GENERAL</subfield>
</datafield>
<datafield tag="950" ind1=" " ind2=" ">
<subfield code="l">BMAIN</subfield>
<subfield code="a">PJ6101.S96</subfield>
<subfield code="b">M45 1969</subfield>
<subfield code="n">455:sl\Unanalyzed\</subfield>
<subfield code="i">07/19/88 C</subfield>
</datafield>
<datafield tag="955" ind1=" " ind2=" ">
<subfield code="l">BMAIN</subfield>
<subfield code="c">1:v.3/4</subfield>
<subfield code="q">88-B22553-1</subfield>
<subfield code="r">013398972</subfield>
<subfield code="i">07/19/88 C</subfield>
</datafield>
<datafield tag="955" ind1=" " ind2=" ">
<subfield code="l">BMAIN</subfield>
<subfield code="c">1:v.1/2</subfield>
<subfield code="q">88-B22553-1</subfield>
<subfield code="r">013398733</subfield>
<subfield code="i">07/19/88 C</subfield>
</datafield>
<datafield tag="998" ind1=" " ind2=" ">
<subfield code="a">07/19/88</subfield>
<subfield code="t">b</subfield>
<subfield code="s">9114</subfield>
<subfield code="n">NNU</subfield>
<subfield code="w">MIUG88B11733</subfield>
<subfield code="d">06/30/88</subfield>
<subfield code="c">PJV</subfield>
<subfield code="b">PJV</subfield>
<subfield code="i">880719</subfield>
<subfield code="l">NYUG</subfield>
</datafield>
<datafield tag="AVA" ind1=" " ind2=" ">
<subfield code="a">NYU50</subfield>
<subfield code="b">BOBST</subfield>
<subfield code="c">Main Collection</subfield>
<subfield code="d">PJ6101.S96 M45 1969</subfield>
<subfield code="e">unavailable</subfield>
<subfield code="t">Unavailable</subfield>
<subfield code="f">2</subfield>
<subfield code="g">2</subfield>
<subfield code="h">Y</subfield>
<subfield code="i">0</subfield>
<subfield code="j">MAIN</subfield>
</datafield>
</record>
